@String(PAMI  = {IEEE TPAMI})
@String(IJCV  = {IJCV})
@String(CVPR  = {CVPR})
@String(ICCV  = {ICCV})
@String(ECCV  = {ECCV})
@String(NIPS  = {NeurIPS})
@String(ICPR  = {ICPR})
@String(BMVC  =	{BMVC})
@String(TOG   = {ACM TOG})
@String(TIP   = {IEEE TIP})
@String(TVCG  = {IEEE TVCG})
@String(TCSVT = {IEEE TCSVT})
@String(TMM   =	{IEEE TMM})
@String(ACMMM = {ACM MM})
@String(ICME  =	{ICME})
@String(ICASSP=	{ICASSP})
@String(ICIP  = {ICIP})
@String(ACCV  = {ACCV})
@String(ICLR  = {ICLR})
@String(IJCAI = {IJCAI})
@String(PR = {PR})
@String(AAAI = {AAAI})
@String(CVPRW= {CVPRW})
@String(CSVT = {IEEE TCSVT})



@String(PAMI = {IEEE Trans. Pattern Anal. Mach. Intell.})
@String(IJCV = {Int. J. Comput. Vis.})
@String(CVPR= {IEEE Conf. Comput. Vis. Pattern Recog.})
@String(ICCV= {Int. Conf. Comput. Vis.})
@String(ECCV= {Eur. Conf. Comput. Vis.})
@String(NIPS= {Adv. Neural Inform. Process. Syst.})
@String(ICPR = {Int. Conf. Pattern Recog.})
@String(BMVC= {Brit. Mach. Vis. Conf.})
@String(TOG= {ACM Trans. Graph.})
@String(TIP  = {IEEE Trans. Image Process.})
@String(TVCG  = {IEEE Trans. Vis. Comput. Graph.})
@String(TMM  = {IEEE Trans. Multimedia})
@String(ACMMM= {ACM Int. Conf. Multimedia})
@String(ICME = {Int. Conf. Multimedia and Expo})
@String(ICASSP=	{ICASSP})
@String(ICIP = {IEEE Int. Conf. Image Process.})
@String(ACCV  = {ACCV})
@String(ICLR = {Int. Conf. Learn. Represent.})
@String(IJCAI = {IJCAI})
@String(PR   = {Pattern Recognition})
@String(AAAI = {AAAI})
@String(CVPRW= {IEEE Conf. Comput. Vis. Pattern Recog. Worksh.})
@String(CSVT = {IEEE Trans. Circuit Syst. Video Technol.})

@String(SPL	= {IEEE Sign. Process. Letters})
@String(VR   = {Vis. Res.})
@String(JOV	 = {J. Vis.})
@String(TVC  = {The Vis. Comput.})
@String(JCST  = {J. Comput. Sci. Tech.})
@String(CGF  = {Comput. Graph. Forum})
@String(CVM = {Computational Visual Media})


% --------------------CITATIONS---------------------------

@inproceedings{shotton2013,
author = {Shotton, Jamie and Glocker, Ben and Zach, Christopher and Izadi, Shahram and Criminisi, Antonio and Fitzgibbon, Andrew},
title = {Scene Coordinate Regression Forests for Camera Relocalization in RGB-D Images},
booktitle = {Proc. Computer Vision and Pattern Recognition (CVPR)},
year = {2013},
month = {June},
abstract = {We address the problem of inferring the pose of an RGB-D camera relative to a known 3D scene, given only a single acquired image. Our approach employs a regression forest that is capable of inferring an estimate of each pixel’s correspondence to 3D points in the scene’s world coordinate frame. The forest uses only simple depth and RGB pixel comparison features, and does not require the computation of feature descriptors. The forest is trained to be capable of predicting correspondences at any pixel, so no interest point detectors are required. The camera pose is inferred using a robust optimization scheme. This starts with an initial set of hypothesized camera poses, constructed by applying the forest at a small fraction of image pixels. Preemptive RANSAC then iterates sampling more pixels at which to evaluate the forest, counting inliers, and refining the hypothesized poses. We evaluate on several varied scenes captured with an RGB-D camera and observe that the proposed technique achieves highly accurate relocalization and substantially out-performs two state of the art baselines.},
publisher = {IEEE},
url = {https://www.microsoft.com/en-us/research/publication/scene-coordinate-regression-forests-for-camera-relocalization-in-rgb-d-images/},
edition = {Proc. Computer Vision and Pattern Recognition (CVPR)},
}
